<record><leader>00000cas a2200000 i 4500</leader><controlfield tag="001">12886384</controlfield><controlfield tag="008">851209d18991910inuwr ne      0    0eng c</controlfield><datafield ind1=" " ind2=" " tag="010"><subfield code="a">sn 85048219 </subfield></datafield><datafield ind1=" " ind2=" " tag="040"><subfield code="a">NPI</subfield><subfield code="b">eng</subfield><subfield code="e">rda</subfield><subfield code="c">NPI</subfield><subfield code="d">OCLCQ</subfield><subfield code="d">IUL</subfield><subfield code="d">OCLCF</subfield></datafield><datafield ind1=" " ind2=" " tag="042"><subfield code="a">pcc</subfield></datafield><datafield ind1=" " ind2=" " tag="043"><subfield code="a">n-us-in</subfield></datafield><datafield ind1="0" ind2="4" tag="245"><subfield code="a">The Connersville courier.</subfield></datafield><datafield ind1=" " ind2="1" tag="264"><subfield code="a">Connersville, Indiana :</subfield><subfield code="b">Courier Co.,</subfield><subfield code="c">1899-</subfield></datafield><datafield ind1=" " ind2=" " tag="300"><subfield code="a">volumes :</subfield><subfield code="b">illustrations</subfield></datafield><datafield ind1=" " ind2=" " tag="310"><subfield code="a">Weekly,</subfield><subfield code="b">1906-1910</subfield></datafield><datafield ind1=" " ind2=" " tag="321"><subfield code="a">Weekly,</subfield><subfield code="b">1899-1905</subfield></datafield><datafield ind1=" " ind2=" " tag="321"><subfield code="a">Semiweekly,</subfield><subfield code="b">1905-1906</subfield></datafield><datafield ind1=" " ind2=" " tag="336"><subfield code="a">text</subfield><subfield code="b">txt</subfield><subfield code="2">rdacontent</subfield></datafield><datafield ind1=" " ind2=" " tag="337"><subfield code="a">unmediated</subfield><subfield code="b">n</subfield><subfield code="2">rdamedia</subfield></datafield><datafield ind1=" " ind2=" " tag="338"><subfield code="a">volume</subfield><subfield code="b">nc</subfield><subfield code="2">rdacarrier</subfield></datafield><datafield ind1="0" ind2=" " tag="362"><subfield code="a">Vol. 1, number 1 (August 17, 1899)- ; vol. 1, no. 1 (August 6, 1909)-</subfield></datafield><datafield ind1="1" ind2=" " tag="362"><subfield code="a">Ceased in spring of 1910.</subfield></datafield><datafield ind1=" " ind2=" " tag="500"><subfield code="a">Title from masthead.</subfield></datafield><datafield ind1=" " ind2=" " tag="515"><subfield code="a">Suspended Oct.? 1908-July 1909. Resumed with Aug. 6, 1909 issue as v. 1, no. 1.</subfield></datafield><datafield ind1=" " ind2=" " tag="580"><subfield code="a">Published 1908-1909 also in a daily ed. called: Morning courier.</subfield></datafield><datafield ind1=" " ind2=" " tag="588"><subfield code="a">Latest issue consulted: Vol. 1, no. 31 (March 11, 1910); U.S. Newspaper Archive (viewed Aug. 14, 2017).</subfield></datafield><datafield ind1=" " ind2="0" tag="651"><subfield code="a">Connersville (Ind.)</subfield><subfield code="v">Newspapers.</subfield></datafield><datafield ind1=" " ind2="0" tag="651"><subfield code="a">Fayette County (Ind.)</subfield><subfield code="v">Newspapers.</subfield></datafield><datafield ind1=" " ind2="7" tag="651"><subfield code="a">Indiana</subfield><subfield code="z">Connersville.</subfield><subfield code="2">fast</subfield><subfield code="0">(OCoLC)fst01235714</subfield></datafield><datafield ind1=" " ind2="7" tag="651"><subfield code="a">Indiana</subfield><subfield code="z">Fayette County.</subfield><subfield code="2">fast</subfield><subfield code="0">(OCoLC)fst01213220</subfield></datafield><datafield ind1=" " ind2="7" tag="655"><subfield code="a">Newspapers.</subfield><subfield code="2">fast</subfield><subfield code="0">(OCoLC)fst01423814</subfield></datafield><datafield ind1=" " ind2=" " tag="752"><subfield code="a">United States</subfield><subfield code="b">Indiana</subfield><subfield code="c">Fayette</subfield><subfield code="d">Connersville.</subfield></datafield><datafield ind1="1" ind2=" " tag="775"><subfield code="t">Morning courier (Connersville, Ind.)</subfield><subfield code="w">(DLC)sn 85048220</subfield><subfield code="w">(OCoLC)12886399</subfield></datafield><datafield ind1="0" ind2="0" tag="780"><subfield code="t">District farm items</subfield><subfield code="w">(DLC)sn 85048218</subfield><subfield code="w">(OCoLC)12886361</subfield></datafield><datafield ind1="4" ind2="1" tag="856"><subfield code="u">https://access.newspaperarchive.com/us/indiana/connersville/connersville-curier/</subfield></datafield></record>